%YAML 1.1
%TAG !u! tag:unity3d.com,2011:
--- !u!1 &2443963581094582375
GameObject:
  m_ObjectHideFlags: 0
  m_CorrespondingSourceObject: {fileID: 0}
  m_PrefabInstance: {fileID: 0}
  m_PrefabAsset: {fileID: 0}
  serializedVersion: 6
  m_Component:
  - component: {fileID: 7859767523371222156}
  m_Layer: 0
  m_Name: Waypoint
  m_TagString: Untagged
  m_Icon: {fileID: 0}
  m_NavMeshLayer: 0
  m_StaticEditorFlags: 0
  m_IsActive: 1
--- !u!4 &7859767523371222156
Transform:
  m_ObjectHideFlags: 0
  m_CorrespondingSourceObject: {fileID: 0}
  m_PrefabInstance: {fileID: 0}
  m_PrefabAsset: {fileID: 0}
  m_GameObject: {fileID: 2443963581094582375}
  m_LocalRotation: {x: -0, y: -0, z: -0, w: 1}
  m_LocalPosition: {x: 0, y: 0, z: 0}
  m_LocalScale: {x: 1, y: 1, z: 1}
  m_ConstrainProportionsScale: 0
  m_Children: []
  m_Father: {fileID: 1758873085870708822}
  m_RootOrder: 1
  m_LocalEulerAnglesHint: {x: 0, y: 0, z: 0}
--- !u!1 &2810180643807399161
GameObject:
  m_ObjectHideFlags: 0
  m_CorrespondingSourceObject: {fileID: 0}
  m_PrefabInstance: {fileID: 0}
  m_PrefabAsset: {fileID: 0}
  serializedVersion: 6
  m_Component:
  - component: {fileID: 7820716777953162516}
  - component: {fileID: 7408889927137444933}
  - component: {fileID: 6124593055670656561}
  m_Layer: 0
  m_Name: Model
  m_TagString: Untagged
  m_Icon: {fileID: 0}
  m_NavMeshLayer: 0
  m_StaticEditorFlags: 0
  m_IsActive: 1
--- !u!4 &7820716777953162516
Transform:
  m_ObjectHideFlags: 0
  m_CorrespondingSourceObject: {fileID: 0}
  m_PrefabInstance: {fileID: 0}
  m_PrefabAsset: {fileID: 0}
  m_GameObject: {fileID: 2810180643807399161}
  m_LocalRotation: {x: -0, y: -0, z: -0, w: 1}
  m_LocalPosition: {x: 0, y: 0, z: 0}
  m_LocalScale: {x: 0.1, y: 0.1, z: 0.1}
  m_ConstrainProportionsScale: 0
  m_Children: []
  m_Father: {fileID: 1758873085870708822}
  m_RootOrder: 0
  m_LocalEulerAnglesHint: {x: 0, y: 0, z: 0}
--- !u!33 &7408889927137444933
MeshFilter:
  m_ObjectHideFlags: 0
  m_CorrespondingSourceObject: {fileID: 0}
  m_PrefabInstance: {fileID: 0}
  m_PrefabAsset: {fileID: 0}
  m_GameObject: {fileID: 2810180643807399161}
  m_Mesh: {fileID: 10209, guid: 0000000000000000e000000000000000, type: 0}
--- !u!23 &6124593055670656561
MeshRenderer:
  m_ObjectHideFlags: 0
  m_CorrespondingSourceObject: {fileID: 0}
  m_PrefabInstance: {fileID: 0}
  m_PrefabAsset: {fileID: 0}
  m_GameObject: {fileID: 2810180643807399161}
  m_Enabled: 1
  m_CastShadows: 1
  m_ReceiveShadows: 1
  m_DynamicOccludee: 1
  m_StaticShadowCaster: 0
  m_MotionVectors: 1
  m_LightProbeUsage: 1
  m_ReflectionProbeUsage: 1
  m_RayTracingMode: 2
  m_RayTraceProcedural: 0
  m_RenderingLayerMask: 1
  m_RendererPriority: 0
  m_Materials:
  - {fileID: 2100000, guid: 0f1d01c227dd15c489f52cb712c6b59e, type: 2}
  m_StaticBatchInfo:
    firstSubMesh: 0
    subMeshCount: 0
  m_StaticBatchRoot: {fileID: 0}
  m_ProbeAnchor: {fileID: 0}
  m_LightProbeVolumeOverride: {fileID: 0}
  m_ScaleInLightmap: 1
  m_ReceiveGI: 1
  m_PreserveUVs: 0
  m_IgnoreNormalsForChartDetection: 0
  m_ImportantGI: 0
  m_StitchLightmapSeams: 1
  m_SelectedEditorRenderState: 3
  m_MinimumChartSize: 4
  m_AutoUVMaxDistance: 0.5
  m_AutoUVMaxAngle: 89
  m_LightmapParameters: {fileID: 0}
  m_SortingLayerID: 0
  m_SortingLayer: 0
  m_SortingOrder: 0
  m_AdditionalVertexStreams: {fileID: 0}
--- !u!1001 &846223668749359967
PrefabInstance:
  m_ObjectHideFlags: 0
  serializedVersion: 2
  m_Modification:
    m_TransformParent: {fileID: 0}
    m_Modifications:
    - target: {fileID: 1403838832363375985, guid: 4af4e3f5a2fdf6045b88bdc7f2a3bcca,
        type: 3}
      propertyPath: _id
      value: tile-road
      objectReference: {fileID: 0}
    - target: {fileID: 1403838832363375985, guid: 4af4e3f5a2fdf6045b88bdc7f2a3bcca,
        type: 3}
      propertyPath: _waypoint
      value: 
      objectReference: {fileID: 2443963581094582375}
    - target: {fileID: 1403838832363375985, guid: 4af4e3f5a2fdf6045b88bdc7f2a3bcca,
        type: 3}
      propertyPath: _spawnPoint
      value: 
      objectReference: {fileID: 2443963581094582375}
    - target: {fileID: 1429512664476074761, guid: 4af4e3f5a2fdf6045b88bdc7f2a3bcca,
        type: 3}
      propertyPath: m_RootOrder
      value: 0
      objectReference: {fileID: 0}
    - target: {fileID: 1429512664476074761, guid: 4af4e3f5a2fdf6045b88bdc7f2a3bcca,
        type: 3}
      propertyPath: m_LocalPosition.x
      value: 0
      objectReference: {fileID: 0}
    - target: {fileID: 1429512664476074761, guid: 4af4e3f5a2fdf6045b88bdc7f2a3bcca,
        type: 3}
      propertyPath: m_LocalPosition.y
      value: 0
      objectReference: {fileID: 0}
    - target: {fileID: 1429512664476074761, guid: 4af4e3f5a2fdf6045b88bdc7f2a3bcca,
        type: 3}
      propertyPath: m_LocalPosition.z
      value: 0
      objectReference: {fileID: 0}
    - target: {fileID: 1429512664476074761, guid: 4af4e3f5a2fdf6045b88bdc7f2a3bcca,
        type: 3}
      propertyPath: m_LocalRotation.w
      value: 1
      objectReference: {fileID: 0}
    - target: {fileID: 1429512664476074761, guid: 4af4e3f5a2fdf6045b88bdc7f2a3bcca,
        type: 3}
      propertyPath: m_LocalRotation.x
      value: 0
      objectReference: {fileID: 0}
    - target: {fileID: 1429512664476074761, guid: 4af4e3f5a2fdf6045b88bdc7f2a3bcca,
        type: 3}
      propertyPath: m_LocalRotation.y
      value: 0
      objectReference: {fileID: 0}
    - target: {fileID: 1429512664476074761, guid: 4af4e3f5a2fdf6045b88bdc7f2a3bcca,
        type: 3}
      propertyPath: m_LocalRotation.z
      value: 0
      objectReference: {fileID: 0}
    - target: {fileID: 1429512664476074761, guid: 4af4e3f5a2fdf6045b88bdc7f2a3bcca,
        type: 3}
      propertyPath: m_LocalEulerAnglesHint.x
      value: 0
      objectReference: {fileID: 0}
    - target: {fileID: 1429512664476074761, guid: 4af4e3f5a2fdf6045b88bdc7f2a3bcca,
        type: 3}
      propertyPath: m_LocalEulerAnglesHint.y
      value: 0
      objectReference: {fileID: 0}
    - target: {fileID: 1429512664476074761, guid: 4af4e3f5a2fdf6045b88bdc7f2a3bcca,
        type: 3}
      propertyPath: m_LocalEulerAnglesHint.z
      value: 0
      objectReference: {fileID: 0}
    - target: {fileID: 8399022816477800806, guid: 4af4e3f5a2fdf6045b88bdc7f2a3bcca,
        type: 3}
      propertyPath: m_Name
      value: Tile-Road Variant
      objectReference: {fileID: 0}
    m_RemovedComponents: []
  m_SourcePrefab: {fileID: 100100000, guid: 4af4e3f5a2fdf6045b88bdc7f2a3bcca, type: 3}
--- !u!4 &1758873085870708822 stripped
Transform:
  m_CorrespondingSourceObject: {fileID: 1429512664476074761, guid: 4af4e3f5a2fdf6045b88bdc7f2a3bcca,
    type: 3}
  m_PrefabInstance: {fileID: 846223668749359967}
  m_PrefabAsset: {fileID: 0}
--- !u!1 &9165160803548672569 stripped
GameObject:
  m_CorrespondingSourceObject: {fileID: 8399022816477800806, guid: 4af4e3f5a2fdf6045b88bdc7f2a3bcca,
    type: 3}
  m_PrefabInstance: {fileID: 846223668749359967}
  m_PrefabAsset: {fileID: 0}
--- !u!65 &6900774600261722335
BoxCollider:
  m_ObjectHideFlags: 0
  m_CorrespondingSourceObject: {fileID: 0}
  m_PrefabInstance: {fileID: 0}
  m_PrefabAsset: {fileID: 0}
  m_GameObject: {fileID: 9165160803548672569}
  m_Material: {fileID: 0}
  m_IsTrigger: 1
  m_Enabled: 1
  serializedVersion: 2
  m_Size: {x: 1, y: 1, z: 1}
  m_Center: {x: 0, y: 0, z: 0}
